@book{international2001iaea,
  title={Absorbed Dose Determination in External Beam Radiotherapy},
  series={Technical Reports Series},
  number={398},
  year={2001},
  isbn={92-0-102200-X},
  url={https://www.iaea.org/publications/5954/absorbed-dose-determination-in-external-beam-radiotherapy},
  publisher={INTERNATIONAL ATOMIC ENERGY AGENCY},
  address={Vienna}
}
@book{internationaliaea,
  title={Absorbed Dose Determination in Photon and Electron Beams},
  series={Technical Reports Series},
  number={277},
  year={1996},
  isbn={92-0-100597-0},
  url={https://www.iaea.org/publications/5693/absorbed-dose-determination-in-photon-and-electron-beams},
  publisher={INTERNATIONAL ATOMIC ENERGY AGENCY},
  address={Vienna}
}

@book{ProtocolesCamille,
  title={Protocoles de dosimétrie},
  author={Camille Llagostera},
  publisher={Cours Master 2 Nantes}
}

@book{RobertDoseAbs,
  title={Détermination de la dose absolue dans les faisceaux de photons et d'électrons},
  author={Charlotte Robert},
  publisher={Cours Master 2 Paris}
}

@book{podgorsak2005radiation,
  title={Radiation oncology physics},
  author={Podgorsak, Ervin B},
  year={2005}
}

@book{mayles2007handbook,
  title={Handbook of radiotherapy physics: theory and practice},
  author={Mayles, Philip and Nahum, Alan and Rosenwald, Jean-Claude},
  year={2007},
  publisher={CRC Press}
}