@book{TRS483,
  title={Dosimetry of Small Static Fields Used in External Beam Radiotherapy},
  series={Technical Reports Series},
  number={483},
  year={2017},
  isbn={978-92-0-105916-1},
  url={https://www.iaea.org/publications/11075/dosimetry-of-small-static-fields-used-in-external-beam-radiotherapy},
  publisher={INTERNATIONAL ATOMIC ENERGY AGENCY},
  address={Vienna}
}

@book{cours_Dufreneix,
  title={Dosimétrie des petits faisceaux},
  year={2024},
  publisher={Cours DQPRM},
  address={Saclay},
  author={Stéphane Dufreneix},
}

@book{doc_petits_champs_PTW,
  title={Small Field Dosimetry, Application Guide},
  author={PTW},
}

@article{dufreneix2021field,
  title={Field output factors for small fields: A large multicentre study},
  author={Dufreneix, S and Bellec, J and Josset, S and Vieillevigne, L},
  journal={Physica Medica},
  volume={81},
  pages={191--196},
  year={2021},
  publisher={Elsevier}
}
