@book{podgorsak2005radiation,
  title={Radiation oncology physics},
  author={Podgorsak, Ervin B},
  year={2005}
}

@book{mayles2007handbook,
  title={Handbook of radiotherapy physics: theory and practice},
  author={Mayles, Philip and Nahum, Alan and Rosenwald, Jean-Claude},
  year={2007},
  publisher={CRC Press}
}

@book{coste2020,
  title={Définition de la qualité des faisceaux de photons},
  author={Frédéric Coste},
  publisher={Cours Master 2 Nantes}
}

@book{Robert2021,
  title={Distribution de la dose absorbée dans un milieu : faisceau de photons de haute énergie},
  author={Charlotte Robert},
  publisher={Cours Master 2 Paris}
}

@article{ansm2007,
  author          = {Agence nationale de sécurité du médicament et des produits de santé},
  journal         = {Journal officiel de la république française},
  title           = {
Décision du 27 juillet 2007 fixant les modalités du contrôle de qualité interne des installations de radiothérapie externe},
  year            = {2007}
}

@article{chauvenetutilisation,
  title={Utilisation des r{\'e}f{\'e}rences m{\'e}trologiques nationales de dose absorb{\'e}e dans l'eau et application du protocole de dosim{\'e}trie AIEA TRS n 398 aux faisceaux de photons de haute {\'e}nergie},
  author={Chauvenet, B and Delaunay, F and Dolo, JM and Le Roy, G and Bridier, A and Francois, P and Sabattier, R}
}

@book{ChoixDetecteursCoursBellec,
  title={Choix et utilisation des systèmes de mesure associés aux contrôles dosimétriques en radiothérapie},
  author={Julien Bellec},
  publisher={Cours DQPRM 2022}  
}

@book{UtilisationMyQA,
  title={MyQA Accept User's Guide},
  author={IBA Dosimetry}
}