@book{podgorsak2005radiation,
  title={Radiation oncology physics},
  author={Podgorsak, Ervin B},
  year={2005}
}

@book{mayles2007handbook,
  title={Handbook of radiotherapy physics: theory and practice},
  author={Mayles, Philip and Nahum, Alan and Rosenwald, Jean-Claude},
  year={2007},
  publisher={CRC Press}
}

@book{coste2020,
  title={Définition de la qualité des faisceaux de photons},
  author={Frédéric Coste},
  publisher={Cours Master 2 Nantes}
}

@book{Robert2021,
  title={Distribution de la dose absorbée dans un milieu : faisceau de photons de haute énergie},
  author={Charlotte Robert},
  publisher={Cours Master 2 Paris}
}

