@book{international2017iaea,
  title={Dosimetry of Small Static Fields Used in External Beam Radiotherapy},
  series={Technical Reports Series},
  number={483},
  year={2017},
  isbn={978-92-0-105916-1},
  url={https://www.iaea.org/publications/11075/dosimetry-of-small-static-fields-used-in-external-beam-radiotherapy},
  publisher={INTERNATIONAL ATOMIC ENERGY AGENCY},
  address={Vienna}
}

@misc{EBT4,
    title={Gafchromic EBT4 radiotherapy films},
    year={2023},
    howpublished="\url{https://www.ashland.com/industries/medical/radiotherapy-films/ebt4}"
}

@book{MyQAUser,
    title={MyQA Accapt user's guide SW version 9.0},
    author={IBA},
    publisher={'Schwarzenbruck}
}

@book{CharlotteCours,
    title={Films, TLD, OSL, semi-conducteurs, d√©tecteurs diamants},
    author={Charlotte Robert},
    publisher={Cours Master 2 Paris}
}

@article{niroomand2020report,
  title={Report of AAPM task group 235 radiochromic film dosimetry: an update to TG-55},
  author={Niroomand-Rad, Azam and Chiu-Tsao, Sou-Tung and Grams, Michael P and Lewis, David F and Soares, Christopher G and Van Battum, Leo J and Das, Indra J and Trichter, Samuel and Kissick, Michael W and Massillon-JL, Guerda and others},
  journal={Medical physics},
  volume={47},
  number={12},
  pages={5986--6025},
  year={2020},
  publisher={Wiley Online Library}
}
